% This file was created with Citavi 6.10.0.0

@book{.2010,
 author = {Rottmann, Horst},
 year = {2010},
 title = {Ein {\"U}berblick {\"u}ber die lineare Regression},
 url = {https://www.researchgate.net/profile/horst-rottmann/publication/260601027_ein_uberblick_uber_die_lineare_regression/links/004635360a2083721f000000/ein-ueberblick-ueber-die-lineare-regression.pdf},
 urldate = {2022-04-01},
 abstract = {},
 file = {Ein {\"U}berblick {\"u}ber die lineare 2010:Attachments/Ein {\"U}berblick {\"u}ber die lineare 2010.pdf:application/pdf}
}


@book{.2013,
 author = {{A. Al-Radaideh}, Qasem and Abu-Assaf, Adel and Alnagi, Eman},
 year = {2013},
 title = {Predicting stock prices using data mining techniques},
 url = {https://www.researchgate.net/profile/Qasem-Al-Radaideh/publication/281865047_Predicting_Stock_Prices_Using_Data_Mining_Techniques/links/55fc4bd608aec948c4b2f95b/Predicting-Stock-Prices-Using-Data-Mining-Techniques.pdf},
 urldate = {2022-03-28},
 abstract = {},
 file = {Predicting stock prices using data 2013:Attachments/Predicting stock prices using data 2013.pdf:application/pdf}
}


@article{.Wirth,
 author = {Wirth, R{\"u}diger and Hipp, Jochen},
 title = {CRISP-DM},
 url = {https://www.cs.unibo.it/~danilo.montesi/CBD/Beatriz/10.1.1.198.5133.pdf},
 urldate = {2022-03-22},
 subtitle = {Towards a Standard Process Model for Data Mining},
 abstract = {},
 pagetotal = {11},
 file = {10.1.1.198.5133:Attachments/10.1.1.198.5133.pdf:application/pdf}
}


@book{Mondello.2017,
 author = {Mondello, Enzo},
 year = {2017},
 title = {Finance},
 edition = {1. Aufl. 2017},
 publisher = {{Springer Gabler}},
 isbn = {978-3-658-13199-9},
 subtitle = {Theorie und Anwendungsbeispiele / Enzo Mondello},
 location = {Wiesbaden},
 abstract = {}
}


@book{Montgomery.2021,
 author = {Montgomery, Douglas C. and Peck, Elizabeth A. and Vining, G. Geoffrey},
 year = {2021},
 title = {Introduction to linear regression analysis},
 edition = {Sixth edition. /   Douglas C. Montgomery, Elizabeth A. Peck, G. Geoffrey Vining},
 publisher = {{John Wiley {\&} Sons}},
 isbn = {9781119578758},
 language = {en},
 location = {Hoboken},
 series = {Wiley series in probability and statistics},
 abstract = {INTRODUCTION TO {\textless}b{\textgreater}LINEAR REGRESSION ANALYSIS{\textless}/b{\textgreater} 

{\textless}b{\textgreater}A comprehensive and current introduction to the fundamentals of regression analysis{\textless}/b{\textgreater} 

{\textless}i{\textgreater}Introduction to Linear Regression Analysis, 6th Edition{\textless}/i{\textgreater} is the most comprehensive, fulsome, and current examination of the foundations of linear regression analysis. Fully updated in this new sixth edition, the distinguished authors have included new material on generalized regression techniques and new examples to help the reader understand retain the concepts taught in the book. 

The new edition focuses on four key areas of improvement over the fifth edition: {\textless}li{\textgreater}New exercises and data sets{\textless}/li{\textgreater} {\textless}li{\textgreater}New material on generalized regression techniques{\textless}/li{\textgreater} {\textless}li{\textgreater}The inclusion of JMP software in key areas{\textless}/li{\textgreater} {\textless}li{\textgreater}Carefully condensing the text where possible{\textless}/li{\textgreater} 

{\textless}i{\textgreater}Introduction to Linear Regression Analysis{\textless}/i{\textgreater} skillfully blends theory and application in both the conventional and less common uses of regression analysis in today's cutting-edge scientific research. The text equips readers to understand the basic principles needed to apply regression model-building techniques in various fields of study, including engineering, management, and the health sciences.},
 file = {Montgomery, Peck et al. 2021 - Introduction to linear regression analysis:Attachments/Montgomery, Peck et al. 2021 - Introduction to linear regression analysis.pdf:application/pdf}
}


@article{Petrusheva.2016,
 author = {Petrusheva, Nada and Jordanoski, Igor},
 year = {2016},
 title = {Comparative analysis between the fundamental and technical analysis of stocks},
 url = {https://scindeks-clanci.ceon.rs/data/pdf/2334-735X/2016/2334-735X1602026P.pdf},
 urldate = {2022-03-28},
 pages = {26--31},
 pagination = {page},
 volume = {4},
 issn = {2334-735X},
 journaltitle = {Journal of Process Management. New Technologies},
 shortjournal = {J Proc Manag New Tech},
 doi = {10.5937/JPMNT1602026P},
 number = {2},
 abstract = {},
 file = {Petrusheva, Jordanoski 2016 - Comparative analysis between the fundamental:Attachments/Petrusheva, Jordanoski 2016 - Comparative analysis between the fundamental.pdf:application/pdf}
}


@online{Statista.22.03.2022,
 author = {Statista},
 year = {22.03.2022},
 title = {Aktienhandel - Weltweites Volumen bis 2020 | Statista},
 url = {https://de.statista.com/statistik/daten/studie/239389/umfrage/volumen-des-weltweiten-aktienhandels/},
 urldate = {2022-03-22},
 abstract = {Im Jahr 2020 lag das Volumen der weltweit gehandelten Aktien* bei rund 185,7 Billionen US-Dollar - ein neuer Rekordwert.}
}


@article{Tsang.2007,
 author = {Tsang, Philip M. and Kwok, Paul and Choy, S. O. and Kwan, Reggie and Ng, S. C. and Mak, Jacky and Tsang, Jonathan and Koong, Kai and Wong, Tak-Lam},
 year = {2007},
 title = {Design and implementation of NN5 for Hong Kong stock price forecasting},
 url = {https://reader.elsevier.com/reader/sd/pii/S095219760600162X?token=9C6CD9EBFE9889DD6CA008D1C136334A9BBB5726E19BAFA79DD41AB9CD4D351EA0EEE04E636CA05E0F5FA9E8A8A67EE1&originRegion=eu-west-1&originCreation=20220328131950},
 urldate = {2022-03-28},
 pages = {453--461},
 pagination = {page},
 volume = {20},
 issn = {09521976},
 journaltitle = {Engineering Applications of Artificial Intelligence},
 doi = {10.1016/j.engappai.2006.10.002},
 number = {4},
 abstract = {},
 note = {PII:  S095219760600162X}
}


@article{Wang.2003,
 author = {Wang, Y.},
 year = {2003},
 title = {Mining stock price using fuzzy rough set system},
 url = {https://www.sciencedirect.com/science/article/pii/s0957417402000799},
 urldate = {2022-03-22},
 pages = {13--23},
 pagination = {page},
 volume = {24},
 issn = {0957-4174},
 journaltitle = {Expert Systems with Applications},
 doi = {10.1016/S0957-4174(02)00079-9},
 number = {1},
 abstract = {},
 note = {PII:  S0957-4174(02)00079-9}
}


